@INPROCEEDINGS{Guyon97ascaling,
    author = {Isabelle Guyon},
    title = {A Scaling Law for the Validation-Set Training-Set Size Ratio},
    booktitle = {AT\&T Bell Laboratories},
    year = {1997}
}

@misc{micha, 
title={(Tutorial) Regularization: Ridge, Lasso and Elastic Net}, 
url={https://www.datacamp.com/community/tutorials/tutorial-ridge-lasso-elastic-net}, 
journal={DataCamp Community}, 
author={Michal, Oleszak},
year={2019}} 
 
@misc{wikipedia_2021, 
author={Wikipedia},
title={Tikhonov regularization}, 
url={https://en.wikipedia.org/wiki/Tikhonov_regularization}, 
journal={Wikipedia}, 
publisher={Wikimedia Foundation}, 
year={2021}, 
month={Mar}} 
  
@article{ridge,
author = {Grace Wahba},
title = {Generalized Cross-Validation as a Method for Choosing a Good Ridge Parameter},
journal = {Technometrics},
volume = {21},
number = {2},
pages = {215-223},
year  = {1979},
publisher = {Taylor & Francis},
doi = {10.1080/00401706.1979.10489751},
}

@inproceedings{sklearn_api,
  author    = {Lars Buitinck and Gilles Louppe and Mathieu Blondel and
               Fabian Pedregosa and Andreas Mueller and Olivier Grisel and
               Vlad Niculae and Peter Prettenhofer and Alexandre Gramfort
               and Jaques Grobler and Robert Layton and Jake VanderPlas and
               Arnaud Joly and Brian Holt and Ga{\"{e}}l Varoquaux},
  title     = {{API} design for machine learning software: experiences from the scikit-learn
               project},
  booktitle = {ECML PKDD Workshop: Languages for Data Mining and Machine Learning},
  year      = {2013},
  pages = {108--122},
}