@incollection{NIPS2019_8688,
title = {Learning New Tricks From Old Dogs: Multi-Source Transfer Learning From Pre-Trained Networks},
author = {Lee, Joshua and Sattigeri, Prasanna and Wornell, Gregory},
booktitle = {Advances in Neural Information Processing Systems 32},
editor = {H. Wallach and H. Larochelle and A. Beygelzimer and F. d\textquotesingle Alch\'{e}-Buc and E. Fox and R. Garnett},
pages = {4370--4380},
year = {2019},
publisher = {Curran Associates, Inc.},
url = {http://papers.nips.cc/paper/8688-learning-new-tricks-from-old-dogs-multi-source-transfer-learning-from-pre-trained-networks.pdf}
}