@incollection{Bengio+chapter2007,
author = {Bengio, Yoshua and LeCun, Yann},
booktitle = {Large Scale Kernel Machines},
publisher = {MIT Press},
title = {Scaling Learning Algorithms Towards {AI}},
year = {2007}
}

@article{Hinton06,
author = {Hinton, Geoffrey E. and Osindero, Simon and Teh, Yee Whye},
journal = {Neural Computation},
pages = {1527--1554},
title = {A Fast Learning Algorithm for Deep Belief Nets},
volume = {18},
year = {2006}
}

@book{goodfellow2016deep,
title={Deep learning},
author={Goodfellow, Ian and Bengio, Yoshua and Courville, Aaron and Bengio, Yoshua},
volume={1},
year={2016},
publisher={MIT Press}
}
%%%%

@article{10.1214/aoms/1177729586,
author = {Herbert Robbins and Sutton Monro},
title = {{A Stochastic Approximation Method}},
volume = {22},
journal = {The Annals of Mathematical Statistics},
number = {3},
publisher = {Institute of Mathematical Statistics},
pages = {400 -- 407},
year = {1951}
}

@article{SAvSAA,
author = {Nemirovski, Arkadi and Juditsky, Anatoli and Lan, Guanghui and Shapiro, And},
year = {2009},
month = {01},
pages = {1574-1609},
title = {Robust Stochastic Approximation Approach to Stochastic Programming},
volume = {19},
journal = {Society for Industrial and Applied Mathematics}
}

@misc{bottou2018optimization,
      title={Optimization Methods for Large-Scale Machine Learning}, 
      author={Léon Bottou and Frank E. Curtis and Jorge Nocedal},
      year={2018},
      eprint={1606.04838},
      archivePrefix={arXiv},
      primaryClass={stat.ML}
}

@misc{ruder2017overview,
      title={An overview of gradient descent optimization algorithms}, 
      author={Sebastian Ruder},
      year={2017},
      eprint={1609.04747},
      archivePrefix={arXiv},
      primaryClass={cs.LG}
}

@inproceedings{inproceedings,
author = {Bottou, Léon and Bousquet, Olivier},
year = {2007},
month = {01},
pages = {},
title = {The Tradeoffs of Large Scale Learning.},
volume = {20},
journal = {Optimization for Machine Learning}
}

@article{adagrad,
author = {Duchi, John and Hazan, Elad and Singer, Yoram},
year = {2011},
month = {07},
pages = {2121-2159},
title = {Adaptive Subgradient Methods for Online Learning and Stochastic Optimization},
volume = {12},
journal = {Journal of Machine Learning Research}
}

@misc{rms,
    author = {Tieleman, Tijmen and Hinton, Geoffrey},
    title = {Lecture 6.5-rmsprop: Divide the gradient by a running average of its recent magnitude},
    journal = {COURSERA: Neural Networks for Machine Learning},
    month = {04},
    year = {2012},
}


@article{DBLP:journals/corr/abs-1212-5701,
  author    = {Matthew D. Zeiler},
  title     = {{ADADELTA:} An Adaptive Learning Rate Method},
  journal   = {CoRR},
  volume    = {abs/1212.5701},
  year      = {2012},
  archivePrefix = {arXiv},
  eprint    = {1212.5701},
  timestamp = {Mon, 13 Aug 2018 16:45:57 +0200},
  biburl    = {https://dblp.org/rec/journals/corr/abs-1212-5701.bib},
  bibsource = {dblp computer science bibliography, https://dblp.org}
}

@misc{kingma2017adam,
      title={Adam: A Method for Stochastic Optimization}, 
      author={Diederik P. Kingma and Jimmy Ba},
      year={2017},
      eprint={1412.6980},
      archivePrefix={arXiv},
      primaryClass={cs.LG}
}

@misc{reddi2019convergence,
      title={On the Convergence of Adam and Beyond}, 
      author={Sashank J. Reddi and Satyen Kale and Sanjiv Kumar},
      year={2019},
      eprint={1904.09237},
      archivePrefix={arXiv},
      primaryClass={cs.LG}
}

@misc{loshchilov2019decoupled,
      title={Decoupled Weight Decay Regularization}, 
      author={Ilya Loshchilov and Frank Hutter},
      year={2019},
      eprint={1711.05101},
      archivePrefix={arXiv},
      primaryClass={cs.LG}
}

@inproceedings{10.5555/2969735.2969756,
author = {Hanson, Stephen Jos\'{e} and Pratt, Lorien Y.},
title = {Comparing Biases for Minimal Network Construction with Back-Propagation},
year = {1988},
publisher = {MIT Press},
address = {Cambridge, MA, USA},
booktitle = {Proceedings of the 1st International Conference on Neural Information Processing Systems},
pages = {177–185},
numpages = {9},
series = {NIPS'88}
}

@article{10.1561/2200000018,
author = {Shalev-Shwartz, Shai},
title = {Online Learning and Online Convex Optimization},
year = {2012},
issue_date = {February 2012},
publisher = {Now Publishers Inc.},
address = {Hanover, MA, USA},
volume = {4},
number = {2},
issn = {1935-8237},
journal = {Found. Trends Mach. Learn.},
month = feb,
pages = {107–194},
numpages = {88}
}

@article{mnist,
author = {Lecun, Yann and Bottou, Leon and Bengio, Y. and Haffner, Patrick},
year = {1998},
month = {12},
pages = {2278 - 2324},
title = {Gradient-Based Learning Applied to Document Recognition},
volume = {86},
journal = {Proceedings of the IEEE},
doi = {10.1109/5.726791}
}

@online{xiao2017/online,
  author       = {Han Xiao and Kashif Rasul and Roland Vollgraf},
  title        = {Fashion-MNIST: a Novel Image Dataset for Benchmarking Machine Learning Algorithms},
  date         = {2017-08-28},
  year         = {2017},
  eprintclass  = {cs.LG},
  eprinttype   = {arXiv},
  eprint       = {cs.LG/1708.07747},
}

@article{cifar,
author = {Krizhevsky, Alex},
year = {2012},
month = {05},
pages = {},
title = {Learning Multiple Layers of Features from Tiny Images},
journal = {University of Toronto}
}

@misc{45166,
title	= {TensorFlow: Large-Scale Machine Learning on Heterogeneous Distributed Systems},
author	= {Martín Abadi and Ashish Agarwal and Paul Barham and Eugene Brevdo and Zhifeng Chen and Craig Citro and Greg Corrado and Andy Davis and Jeffrey Dean and Matthieu Devin and Sanjay Ghemawat and Ian Goodfellow and Andrew Harp and Geoffrey Irving and Michael Isard and Yangqing Jia and Rafal Jozefowicz and Lukasz Kaiser and Manjunath Kudlur and Josh Levenberg and Dan Mané and Rajat Monga and Sherry Moore and Derek Murray and Chris Olah and Mike Schuster and Jonathon Shlens and Benoit Steiner and Ilya Sutskever and Kunal Talwar and Paul Tucker and Vincent Vanhoucke and Vijay Vasudevan and Fernanda Viégas and Oriol Vinyals and Pete Warden and Martin Wattenberg and Martin Wicke and Yuan Yu and Xiaoqiang Zheng},
year	= {2015}
}



@misc{luo2019adaptive,
      title={Adaptive Gradient Methods with Dynamic Bound of Learning Rate}, 
      author={Liangchen Luo and Yuanhao Xiong and Yan Liu and Xu Sun},
      year={2019},
      eprint={1902.09843},
      archivePrefix={arXiv},
      primaryClass={cs.LG}
}

@misc{liu2020variance,
      title={On the Variance of the Adaptive Learning Rate and Beyond}, 
      author={Liyuan Liu and Haoming Jiang and Pengcheng He and Weizhu Chen and Xiaodong Liu and Jianfeng Gao and Jiawei Han},
      year={2020},
      eprint={1908.03265},
      archivePrefix={arXiv},
      primaryClass={cs.LG}
}

@misc{you2020large,
      title={Large Batch Optimization for Deep Learning: Training BERT in 76 minutes}, 
      author={Yang You and Jing Li and Sashank Reddi and Jonathan Hseu and Sanjiv Kumar and Srinadh Bhojanapalli and Xiaodan Song and James Demmel and Kurt Keutzer and Cho-Jui Hsieh},
      year={2020},
      eprint={1904.00962},
      archivePrefix={arXiv},
      primaryClass={cs.LG}
}

@misc{landro2020mixing,
      title={Mixing ADAM and SGD: a Combined Optimization Method}, 
      author={Nicola Landro and Ignazio Gallo and Riccardo La Grassa},
      year={2020},
      eprint={2011.08042},
      archivePrefix={arXiv},
      primaryClass={cs.LG}
}